<?xml version="1.0" encoding="UTF-8"?><collection xmlns="http://www.loc.gov/MARC21/slim"><record><leader>00456nam--2200157-i-4500</leader><controlfield tag="001">000029797</controlfield><controlfield tag="002">20161230</controlfield><controlfield tag="005">20170127173523</controlfield><controlfield tag="008">060222s1000------------r-----000-0-eng-d</controlfield><datafield ind1=" " ind2=" " tag="080"><subfield code="a">535.33-1</subfield></datafield><datafield ind1=" " ind2=" " tag="100"><subfield code="a">Lovell, D. J</subfield></datafield><datafield ind1=" " ind2=" " tag="245"><subfield code="a">An atlas of air absorption in the infrared</subfield></datafield><datafield ind1=" " ind2=" " tag="260"><subfield code="a">Amherst, Mass</subfield><subfield code="b">Department Of Physics And Astronomy, Univ.Of Massachusetts</subfield><subfield code="c">1969</subfield></datafield><datafield ind1=" " ind2=" " tag="300"><subfield code="a">7 p.+ 2 Fig.+ 1 Tabel</subfield></datafield><datafield ind1=" " ind2=" " tag="852"><subfield code="a">32537</subfield></datafield><datafield ind1=" " ind2=" " tag="CAT"><subfield code="a">SYS</subfield><subfield code="c">20170127</subfield><subfield code="h">173523</subfield></datafield></record></collection>